@INPROCEEDINGS{Matt1994, 
author={urs von Matt}, 
booktitle={ACM SICUE Outlook}, title={Kassandra: the automatic grading system}, 
year={1994}, 
month={jan.}, 
volume={22}, 
number={}, 
pages={26 -40}, 
keywords={}, 
doi={10.1145/182107.182101}, 
ISSN={},}

@techreport{Amador2012,
author = {Amador, Andr\'{e}},
number = {May},
title = {{Lagrangian observations of turbulence in breaking surface waves}},
year = {2012}
}