@INPROCEEDINGS{Matt1994, 
author={urs von Matt}, 
booktitle={ACM SIGCUE Outlook}, title={Kassandra: the automatic grading system}, 
year={1994}, 
month={jan.}, 
volume={22}, 
number={}, 
pages={26-40}, 
keywords={}, 
doi={10.1145/182107.182101}, 
ISSN={0163-5735},}

@article{Cheang2003,
 author = {Cheang, Brenda and Kurnia, Andy and Lim, Andrew and Oon, Wee-Chong},
 title = {On automated grading of programming assignments in an academic institution},
 journal = {Comput. Educ.},
 issue_date = {September 2003},
 volume = {41},
 number = {2},
 month = sep,
 year = {2003},
 issn = {0360-1315},
 pages = {121--131},
 numpages = {11},
 url = {http://dx.doi.org/10.1016/S0360-1315(03)00030-7},
 doi = {10.1016/S0360-1315(03)00030-7},
 acmid = {941991},
 publisher = {Elsevier Science Ltd.},
 address = {Oxford, UK, UK},
 keywords = {automated grading, computer science, education, online judge},
}

@misc{Micro2,
author = {Ildefonso, Adrián  and Santiago, Daniel and Colón, Nelián and Rodríguez, Samuel},
title = {WaveSphere},
year = {2013},
howpublished = "\url{http://www.ece.uprm.edu/micro2/index.php/WaveSphere}",}

@misc{UVA,
title = {UVa Online Judge},
howpublished = "\url{http://onlinejudge.org}",}

@misc{SPOJ,
title = {Sphere Online Judge},
howpublished = "\url{http://www.spoj.com/}",}

@misc{WebCat,
title = {Web-CAT},
howpublished = "\url{http://web-cat.org/group/web-cat/}",}

@misc{Praktomat,
title = {Praktomat},
howpublished = "\url{http://sourceforge.net/projects/praktomat/}",}

@misc{Curator,
title = {Curator},
howpublished = "\url{http://courses.cs.vt.edu/curator/}",}

@misc{Chiki,
author = {Jesus E. Luzón},
title = {LinkedIn Profile},
howpublished = "\url{http://www.linkedin.com/pub/jesus-luzon/61/335/982/}",}

@misc{Zach,
author = {Zach Cross},
title = {LinkedIn Profile},
howpublished = "\url{http://www.linkedin.com/in/zachcross/}",}

@misc{Santuche,
author = {Santuche, José},
title = {LinkedIn Profile},
howpublished = "\url{http://www.linkedin.com/in/joserisan/en}"}

@misc{hack1,
author = {Santiago, Daniel and Rodríguez, Samuel},
title = {TaskDo},
howpublished = "\url{https://www.hackerleague.org/hackathons/hackpr-1st-hackathon-at-uprm/hacks/taskdo}"}

@misc{hack2,
title = {HackPR Winners},
howpublished = "\url{https://www.hackerleague.org/hackathons/hackpr-1st-hackathon-at-uprm/wikipages/513b7e5270befdc79600000e}"}

@misc{JSON,
title = {JavaScript Object Notation},
howpublished = "\url{http://www.json.org/}"}

@misc{angular,
title = {AngularJS},
howpublished = "\url{http://angularjs.org/}"}

@misc{bootstrap,
title = {Bootstrap},
howpublished = "\url{http://getbootstrap.com/}"}

@misc{gitlab,
title = {GitLab},
howpublished = "\url{http://gitlab.org/}"}

@misc{nodejs,
title = {Node.js},
howpublished = "\url{http://nodejs.org/}"}

@misc{mongodb,
title = {MongoDB},
howpublished = "\url{http://www.mongodb.org/}"}

@misc{jquery,
title = {jQuery},
howpublished = "\url{http://jquery.com/}"}




